
@misc{lenguajes_importantes,
	author = {Brian Eastwood},
	title = {The 10 Most Popular Programming Languages},
	year = {2020},
	note = {\url{https://www.northeastern.edu/graduate/blog/most-popular-programming-languages/}},
	url = {\url{https://www.northeastern.edu/graduate/blog/most-popular-programming-languages/}},
}

@misc{popularidad,
	author = {Taylor Karl},
	title = {7 Programming Languages for Beginner Developers},
	year = {2021},
	note = {\url{https://unitedtraining.com/resources/blog/7-programming-languages-for-beginner-developers}},
	url = {\url{https://unitedtraining.com/resources/blog/7-programming-languages-for-beginner-developers}}
}

@book{gutierrez,
   title =     {Análisis y diseño de experimentos},
   author =    {Gutiérrez Pulido Humberto, De la Vara Salazar Román},
   publisher = {McGraw Hill},
   isbn =      {970-10-6526-3},
   year =      {2008},
   edition =   {2a},
	 note = {Págs. 7-9},
}

@book{cox,
   title =     {The Theory of the Design of Experiments},
   author =    {D.R. Cox, Nancy Reid},
   publisher = {Chapman \& Hall/CRC},
   isbn =      {158488195X,9781584881957,9781420035834},
   year =      {2000},
   series =    {Monographs on statistics and applied probability 86},
   edition =   {1},
	 note = {Capítulo 4.1}
}

@misc{dell,
	author = {Dell Technologies},
	title = {Soporte para Inspiron 3147},
	year = {2015},
	note = {\url{https://dl.dell.com/manuals/all-products/esuprt_laptop/esuprt_inspiron_laptop/inspiron-11-3147-laptop_reference%20guide_es-mx.pdf}}
}

@misc{pag_web,
	title = {Dell Inspiron 11 3000 11 - 3147 11.6" Multi-Touch Convertible Laptop Computer},
	author = {BH Photo Video Audio},
	year = {2022},
	note = {\url{https://www.bhphotovideo.com/c/product/1123115-REG/dell_11_3147_inspiron_11_n3530_4gb_500gb_windows_8_1_11_6_silver.html}}
}

@article{comparacion_lenguajes,
	author={Pereira And Couto And Ribeiro And Rua And Cunha And Fernandes And Saraiva},
	title={Ranking Programming Languages by Energy Efficiency},
	journal={Elsevier},
	year = {2021},
}

@misc{github_rosseta,
	author = {Marco Couto And Rui Pereira},
	title = {Rosseta Examples},
	year = {30 Nov 2020},
	url = {\url{https://github.com/greensoftwarelab/RosettaExamples}},
	note = {\url{https://github.com/greensoftwarelab/RosettaExamples}},
}

@misc{manpage_time,
	author = {David MacKenzie},
	title = {Manual Page Time Command},
	note = {\url{https://www.commandlinux.com/man-page/man1/time.1.html}}
}

@misc{explicacion_time,
	author = {GCeasy Team},
	title = {User, Sys, and Real, Which Time to Use?},
	year = {2016},
	note = {\url{https://blog.gceasy.io/2016/04/06/gc-logging-user-sys-real-which-time-to-use/}}
}

@misc{wiki_modos,
	author = {Wikipedia},
	title = {Modos de operación de la unidad central de procesamiento},
	year = {2021},
	url = {\url{https://es.wikipedia.org/wiki/Modos_de_operaci%C3%B3n_de_la_unidad_central_de_procesamiento}},
	note = {\url{https://es.wikipedia.org/wiki/Modos_de_operaci%C3%B3n_de_la_unidad_central_de_procesamiento}},
}

@misc{rosseta_rls,
	author = {Rosseta Code},
	title = {Random Latin Squares},
	year = {2022},
	url = {\url{https://rosettacode.org/wiki/Random_Latin_squares#C}},
	note = {\url{https://rosettacode.org/wiki/Random_Latin_squares#C}},
}

@misc{editors,
	author = {Brian Jackson},
	title = {13 Best Text Editors to Speed up Your Workflow},
	year = {2022},
	url = {\url{https://kinsta.com/blog/best-text-editors/}},
	note = {\url{https://kinsta.com/blog/best-text-editors/}},
}
